%YAML 1.1
%TAG !u! tag:unity3d.com,2011:
--- !u!1001 &100100000
Prefab:
  m_ObjectHideFlags: 1
  serializedVersion: 2
  m_Modification:
    m_TransformParent: {fileID: 0}
    m_Modifications: []
    m_RemovedComponents: []
  m_ParentPrefab: {fileID: 0}
  m_RootGameObject: {fileID: 1566028814062444}
  m_IsPrefabParent: 1
--- !u!1 &1566028814062444
GameObject:
  m_ObjectHideFlags: 0
  m_PrefabParentObject: {fileID: 0}
  m_PrefabInternal: {fileID: 100100000}
  serializedVersion: 5
  m_Component:
  - component: {fileID: 4755570091807838}
  - component: {fileID: 114718590398362398}
  - component: {fileID: 195304653876039038}
  m_Layer: 0
  m_Name: Player
  m_TagString: Untagged
  m_Icon: {fileID: 0}
  m_NavMeshLayer: 0
  m_StaticEditorFlags: 0
  m_IsActive: 1
--- !u!4 &4755570091807838
Transform:
  m_ObjectHideFlags: 1
  m_PrefabParentObject: {fileID: 0}
  m_PrefabInternal: {fileID: 100100000}
  m_GameObject: {fileID: 1566028814062444}
  m_LocalRotation: {x: -0, y: -0, z: -0, w: 1}
  m_LocalPosition: {x: 0, y: 0, z: 0}
  m_LocalScale: {x: 1, y: 1, z: 1}
  m_Children: []
  m_Father: {fileID: 0}
  m_RootOrder: 0
  m_LocalEulerAnglesHint: {x: 0, y: 0, z: 0}
--- !u!114 &114718590398362398
MonoBehaviour:
  m_ObjectHideFlags: 1
  m_PrefabParentObject: {fileID: 0}
  m_PrefabInternal: {fileID: 100100000}
  m_GameObject: {fileID: 1566028814062444}
  m_Enabled: 1
  m_EditorHideFlags: 0
  m_Script: {fileID: 11500000, guid: 12741b281d4b0164f894968b3d1fd9ea, type: 3}
  m_Name: 
  m_EditorClassIdentifier: 
  armour: 0
  maxHP: 0
  maxMP: 0
  zenny: 0
  ipAddress: 
  playerName: 
  playerNumber: 0
  isActive: 0
  character: {fileID: 0}
  map: {fileID: 0}
  tile: {fileID: 0}
  skills:
  - skillType: 0
    skillName: 
    skillCurrentCoolDown: 0
    skillCoolDown: 0
    skillEffectValue: 0
    skillCost: 0
    skillRange: 0
  - skillType: 0
    skillName: 
    skillCurrentCoolDown: 0
    skillCoolDown: 0
    skillEffectValue: 0
    skillCost: 0
    skillRange: 0
  - skillType: 0
    skillName: 
    skillCurrentCoolDown: 0
    skillCoolDown: 0
    skillEffectValue: 0
    skillCost: 0
    skillRange: 0
--- !u!195 &195304653876039038
NavMeshAgent:
  m_ObjectHideFlags: 1
  m_PrefabParentObject: {fileID: 0}
  m_PrefabInternal: {fileID: 100100000}
  m_GameObject: {fileID: 1566028814062444}
  m_Enabled: 0
  m_AgentTypeID: 0
  m_Radius: 0.08
  m_Speed: 1
  m_Acceleration: 8
  avoidancePriority: 50
  m_AngularSpeed: 3000
  m_StoppingDistance: 0
  m_AutoTraverseOffMeshLink: 1
  m_AutoBraking: 1
  m_AutoRepath: 1
  m_Height: 0.3
  m_BaseOffset: 0
  m_WalkableMask: 4294967295
  m_ObstacleAvoidanceType: 4
